<record><leader>00000cas a2200000La 4500</leader><controlfield tag="001">173890060</controlfield><controlfield tag="007">hd afu---buuu</controlfield><controlfield tag="008">930729d18801882njumr neb     0    0eng d</controlfield><controlfield tag="009">728</controlfield><datafield ind1=" " ind2=" " tag="010"><subfield code="a">sn 93060947 </subfield></datafield><datafield ind1=" " ind2=" " tag="040"><subfield code="a">NJW</subfield><subfield code="c">NJR</subfield></datafield><datafield ind1=" " ind2=" " tag="043"><subfield code="a">n-us-nj</subfield></datafield><datafield ind1="0" ind2=" " tag="130"><subfield code="a">Riverton journal (Riverton, N.J.)</subfield></datafield><datafield ind1="1" ind2="0" tag="245"><subfield code="a">Riverton journal</subfield><subfield code="h">[microform]</subfield></datafield><datafield ind1=" " ind2=" " tag="260"><subfield code="a">Riverton, N.J. :</subfield><subfield code="b">A.A. Fraser, Jno. S. Bioren, E.H. Earnshaw, E. Priestley</subfield></datafield><datafield ind1=" " ind2=" " tag="300"><subfield code="a">v.</subfield></datafield><datafield ind1=" " ind2=" " tag="310"><subfield code="a">Monthly</subfield></datafield><datafield ind1="0" ind2=" " tag="362"><subfield code="a">Vol. 1, no. 1 (Nov. 24, 1880)-v. 2, no. 12 (Oct. 17, 1882).</subfield></datafield><datafield ind1=" " ind2=" " tag="533"><subfield code="a">Microfilm.</subfield><subfield code="b">Trenton, N.J. :</subfield><subfield code="c">New Jersey Newspaper Project,</subfield><subfield code="d">19uu.</subfield><subfield code="e">microfilm reels ; 35 mm.</subfield></datafield><datafield ind1=" " ind2="0" tag="651"><subfield code="a">Riverton (N.J.)</subfield><subfield code="v">Newspapers.</subfield></datafield><datafield ind1=" " ind2=" " tag="752"><subfield code="a">United States</subfield><subfield code="b">New Jersey</subfield><subfield code="c">Burlington</subfield><subfield code="d">Riverton.</subfield></datafield></record>